% This file was created with JabRef 2.7.2.
% Encoding: UTF8

@PREAMBLE{ "\newcommand{\noopsort}[1]{} "
# "\newcommand{\printfirst}[2]{#1} "
# "\newcommand{\singleletter}[1]{#1} "
# "\newcommand{\switchargs}[2]{#2#1} "
}

@ELECTRONIC{Cowell-Shah2004,
  author = {Christopher W. Cowell-Shah},
  month = {01},
  year = {2004},
  title = {Nine Language Performance Round-up: Benchmarking Math \& File I/O},
  language = {English},
  note = {[Online; cit.~2012-01-01] Dostupné z~WWW: \url{http://www.osnews.com/story/5602/Nine_Language_Performance_Round-up_Benchmarking_Math_File_I_O/}},
  url = {http://www.osnews.com/story/5602/Nine_Language_Performance_Round-up_Benchmarking_Math_File_I_O/},
  timestamp = {2012.01.01}
}

@ELECTRONIC{Heljanko2003,
  author = {Keijo Heljanko},
  month = {12},
  year = {2003},
  title = {Networks and Processes: Safety, Liveness, and Fairness},
  language = {English},
  note = {[Online; cit.~2012-01-01] Dostupné z~WWW: \url{http://www.fmi.uni-stuttgart.de/szs/teaching/ws0304/nets/slides14.pdf}},
  url = {http://www.fmi.uni-stuttgart.de/szs/teaching/ws0304/nets/slides14.pdf},
  timestamp = {2012.01.01}
}

@UNPUBLISHED{Horn2005,
  author = {Florian Horn},
  title = {Streett Games on Finite Graphs},
  note = {[Online; cit.~2011-11-24] Dostupné z~WWW: \url{http://liafa.jussieu.fr/~horn/publications.html}},
  year = {2005},
  language = {English},
  timestamp = {2011.11.24},
  url = {http://liafa.jussieu.fr/~horn/publications.html}
}

@ELECTRONIC{Kretinsky2002,
  author = {Mojmír Křetínský},
  month = {12},
  year = {2002},
  title = {Automaty nad nekonečnými slovy},
  language = {Czech},
  organization = {Fakulta informatiky Masarykovy univerzity},
  note = {[Online; cit.~2012-01-01] Dostupné z~WWW: \url{http://www.fi.muni.cz/usr/kretinsky/automaty.pdf}},
  url = {http://www.fi.muni.cz/usr/kretinsky/automaty.pdf},
  timestamp = {2012.01.01}
}

@ELECTRONIC{treehh,
  author = {Kasper Peeters},
  month = {08},
  year = {2011},
  title = {tree.hh},
  language = {C++},
  note = {Verze 2.81. [Online; cit.~2012-01-02] Dostupné z~WWW: \url{http://tree.phi-sci.com/}},
  url = {http://tree.phi-sci.com/},
  timestamp = {2012.01.02}
}

@INPROCEEDINGS{Pieterse2010,
  author = {Vreda Pieterse and Derrick G. Kourie and Loek Cleophas and Bruce
	W. Watson},
  title = {Performance of {C}++ Bit-vector Implementations},
  booktitle = {SAICSIT '10 Proceedings of the 2010 Annual Research Conference of
	the South African Institute of Computer Scientists and Information
	Technologists},
  year = {2010},
  pages = {242--250},
  publisher = {ACM},
  note = {[Online; cit.~2012-01-02] Dostupné z~WWW: \url{http://dl.acm.org/citation.cfm?id=1899530}},
  timestamp = {2012.01.02},
  url = {http://dl.acm.org/citation.cfm?id=1899530}
}

@INPROCEEDINGS{Piterman2006,
  author = {Nir Piterman and Amir Pnueli},
  title = {Faster Solutions of {R}abin and {S}treett Games},
  booktitle = {Proceedings of the 2006 21st Annual IEEE Symposium on Logic in Computer
	Science},
  year = {2006},
  pages = {275--284},
  organization = {IEEE Computer Society},
  publisher = {IEEE Computer Society},
  note = {[Online; cit.~2011-11-24] Dostupné z~WWW: \url{http://citeseerx.ist.psu.edu/viewdoc/summary?doi=10.1.1.134.1574}},
  citeseerurl = {http://citeseerx.ist.psu.edu/viewdoc/summary?doi=10.1.1.134.1574},
  timestamp = {2011.11.24},
  url = {http://citeseerx.ist.psu.edu/viewdoc/summary?doi=10.1.1.134.1574}
}

@INPROCEEDINGS{Safra1988,
  author = {Shmuel Safra},
  title = {On The Complexity of $\omega$-Automata},
  booktitle = {29th Annual Symposium on Foundations of Computer Science (FOCS 1988)},
  year = {1988},
  pages = {319--327},
  note = {[Online; cit.~2012-01-01] Dostupné z~WWW: \url{http://www.computer.org/portal/web/csdl/doi/10.1109/SFCS.1988.21948}},
  timestamp = {2012.01.01},
  url = {http://www.computer.org/portal/web/csdl/doi/10.1109/SFCS.1988.21948}
}

@ELECTRONIC{Siek2008,
  author = {Jeremy Siek and Chuck Allison and Gennaro Prota},
  year = {2008},
  title = {boost::dynamic\_bitset},
  language = {C++},
  note = {[Online; cit.~2012-01-02] Dostupné z~WWW: \url{http://www.boost.org/doc/libs/1_48_0/libs/dynamic_bitset/dynamic_bitset.html}},
  url = {http://www.boost.org/doc/libs/1_48_0/libs/dynamic_bitset/dynamic_bitset.html},
  timestamp = {2012.01.02}
}

@ELECTRONIC{Boost,
  month = {11},
  year = {2011},
  title = {Boost},
  note = {Verze 1.48.0. [Online; cit.~2012-01-02] Dostupné z~WWW: \url{http://www.boost.org/}},
  url = {http://www.boost.org/},
  timestamp = {2012.01.02}
}

@ELECTRONIC{GCC,
  year = {2010},
  title = {{GCC}},
  organization = {GCC team},
  note = {Verze 4.5.1. [Online; cit.~2012-01-02] Dostupné z~WWW: \url{http://gcc.gnu.org/}},
  url = {http://gcc.gnu.org/},
  timestamp = {2012.01.02}
}

